<collection xmlns="http://www.loc.gov/MARC21/slim">
<record>
  <leader>01265nam0a22002531i 450 </leader>
  <controlfield tag="001">IT\ICCU\CNCE\060832</controlfield>
  <controlfield tag="005">20050810000000.0</controlfield>
  <datafield tag="012" ind1=" " ind2=" ">
    <subfield code="a">**** *.*. *.** **** (C) 1519 (Q)</subfield>
    <subfield code="2">fei</subfield>
  </datafield>
  <datafield tag="100" ind1=" " ind2=" ">
    <subfield code="a">20050803f1519        0itac0103    ba</subfield>
  </datafield>
  <datafield tag="101" ind1=" " ind2=" ">
    <subfield code="a">GRC</subfield>
  </datafield>
  <datafield tag="102" ind1=" " ind2=" ">
    <subfield code="a">IT</subfield>
  </datafield>
  <datafield tag="200" ind1="1" ind2=" ">
    <subfield code="a">Apophthegmata philosophon kai strategon, retoron te kai poieton, syllegenta, para Arseniou archiepiskopou Monembasias. Praeclara dicta philosophorum, imperatorum, oratorumque, &amp; poetarum, ab Arsenio archiepiscopo Monembasiae collecta</subfield>
  </datafield>
  <datafield tag="210" ind1=" " ind2=" ">
    <subfield code="d">\116! c.</subfield>
    <subfield code="d"></subfield>
  </datafield>
  <datafield tag="300" ind1=" " ind2=" ">
    <subfield code="a"></subfield>
  </datafield>
  <datafield tag="620" ind1=" " ind2=" ">
    <subfield code="a">IT</subfield>
    <subfield code="d">Roma</subfield>
  </datafield>
  <datafield tag="700" ind1=" " ind2="1">
    <subfield code="a">Apostolios,</subfield>
    <subfield code="b">Arsenios</subfield>
    <subfield code="3">IT\ICCU\CNCA\000802</subfield>
  </datafield>
  <datafield tag="712" ind1="0" ind2="0">
    <subfield code="a">Colocci, Angelo</subfield>
    <subfield code="3">IT\ICCU\CNCT\002313</subfield>
    <subfield code="4">650</subfield>
  </datafield>
  <datafield tag="790" ind1=" " ind2="0">
    <subfield code="a">Arsenius</subfield>
    <subfield code="3">IT\ICCU\CNCA\007660</subfield>
    <subfield code="z">Apostolios, Arsenios</subfield>
  </datafield>
  <datafield tag="791" ind1="0" ind2="0">
    <subfield code="a">Kollotios, Angelos</subfield>
    <subfield code="3">IT\ICCU\CNCT\003690</subfield>
    <subfield code="z">Colocci, Angelo</subfield>
  </datafield>
  <datafield tag="791" ind1="0" ind2="0">
    <subfield code="a">Collotius, Angelus</subfield>
    <subfield code="3">IT\ICCU\CNCT\004634</subfield>
    <subfield code="z">Colocci, Angelo</subfield>
  </datafield>
  <datafield tag="801" ind1=" " ind2="3">
    <subfield code="a">IT</subfield>
    <subfield code="b">ICCU</subfield>
    <subfield code="c">20201115</subfield>
  </datafield>
  <datafield tag="899" ind1=" " ind2=" ">
    <subfield code="a">Biblioteca Vallicelliana. Roma</subfield>
    <subfield code="1">RM0281</subfield>
    <subfield code="2">RML 08</subfield>
  </datafield>
  <datafield tag="899" ind1=" " ind2=" ">
    <subfield code="a">Biblioteca Casanatense. Roma</subfield>
    <subfield code="1">RM0313</subfield>
    <subfield code="2">RML 07</subfield>
  </datafield>
  <datafield tag="899" ind1=" " ind2=" ">
    <subfield code="a">Biblioteca universitaria. Sassari</subfield>
    <subfield code="1">SS0073</subfield>
    <subfield code="2">CAG US</subfield>
  </datafield>
</record>
</collection>
